@book{MCA,
author = {Gathen, Joachim Von Zur and Gerhard, Jurgen},
title = {Modern Computer Algebra},
year = {2003},
isbn = {0521826462},
publisher = {Cambridge University Press},
address = {USA},
edition = {2},
abstract = {From the Publisher:"Computer algebra systems are gaining more and more importance in all areas of science and engineering. This textbook gives a thorough introduction to the algorithmic basis of the mathematical engine in computer algebra systems." It is designed to accompany one- or two-semester courses for advanced undergraduate or graduate students in computer science or mathematics. Its comprehensiveness and authority make it also an essential reference for professionals in the area.}
}

@misc{CCLebreton,
  author = {Romain Lebreton},
  title = {A crash course on Order Bases : Theory and Algorithms},
  howpublished = {Diaporama},
  year = {2014},
}

@misc{Wallet,
  author = {Alexandre Wallet},
  title = {Réseaux euclidiens et cryptographie},
  howpublished = {Document PDF, Notes de cours},
  institution = {Université de Rennes}
}

@misc{clef_unique_2,
  author = {Elie Noumon Allini},
  title = {Théorie alorithmique des nombres},
  howpublished = {Diaporama},
  year = {2014},
  institution = {Université de Rennes 1},
  
}

@misc{clef_unique_3,
  author    = "{Wikipedia contributors}",
  title     = "{Réseau (géométrie)}",
}


@online{harari_modules,
	author    = {David Harari},
	title     = {Modules sur un anneau commutatif}
}


@online{ring_modules,
	author = "{Wikipedia contributors}",
	title = "{Module sur un anneau}"
}